% EXAMPLES

@ARTICLE{Wright2010,
  author={Wright, Cameron H.G.},
  journal={{Computing in Science \& Engineering}}, 
  title={Technical Writing Tools for Engineers and Scientists}, 
  date={2010},
  volume={12},
  number={5},
  pages={98-103},
  doi={https://doi.org/10.1109/MCSE.2010.115}
}

@Online{THKoeln2024,
  author   = {TH Köln},
  date     = {2024},
  title    = {Startseite - TH Köln},
  url      = {https://www.th-koeln.de},
  urldate  = {2024-07-30},
}